<record><leader>00000cas a22000007a 4500</leader><controlfield tag="001">9636695</controlfield><controlfield tag="008">830623c19831uuunyuer ne      0    0eng d</controlfield><controlfield tag="009">3781</controlfield><datafield ind1=" " ind2=" " tag="010"><subfield code="a">sn 83030696 </subfield></datafield><datafield ind1=" " ind2=" " tag="040"><subfield code="a">NPU</subfield><subfield code="b">eng</subfield><subfield code="c">NPU</subfield><subfield code="d">OCLCQ</subfield></datafield><datafield ind1=" " ind2=" " tag="042"><subfield code="a">msc</subfield></datafield><datafield ind1="0" ind2="0" tag="245"><subfield code="a">Uptown press.</subfield></datafield><datafield ind1=" " ind2=" " tag="260"><subfield code="a">New York :</subfield><subfield code="b">Jim Smith,</subfield><subfield code="c">1983-</subfield></datafield><datafield ind1=" " ind2=" " tag="300"><subfield code="a">no. :</subfield><subfield code="b">ill. ;</subfield><subfield code="c">38 cm.</subfield></datafield><datafield ind1=" " ind2=" " tag="310"><subfield code="a">Biweekly</subfield></datafield><datafield ind1="0" ind2=" " tag="362"><subfield code="a">No. 1 (Apr. 20/May 3, 1983)-</subfield></datafield><datafield ind1=" " ind2=" " tag="500"><subfield code="a">Published biweekly every alternate Wednesday.</subfield></datafield><datafield ind1=" " ind2=" " tag="500"><subfield code="a">" ... Community newspaper of northern Manhattan, serving Washington Heights, Inwood, Marble Hill, and Hamilton Heights ..."</subfield></datafield><datafield ind1=" " ind2=" " tag="500"><subfield code="a">Editor: Lori Perkins, 1983-</subfield></datafield><datafield ind1="1" ind2=" " tag="700"><subfield code="a">Perkins, Lori,</subfield><subfield code="e">ed.</subfield></datafield><datafield ind1=" " ind2=" " tag="752"><subfield code="a">United States</subfield><subfield code="b">New York</subfield><subfield code="c">New York</subfield><subfield code="d">New York.</subfield></datafield><datafield ind1="0" ind2="0" tag="780"><subfield code="t">Uptown weekly news</subfield><subfield code="g">1982-1983</subfield></datafield></record>